%% This BibTeX bibliography file was created using BibDesk.
%% http://bibdesk.sourceforge.net/

%% Created for Talal at 2017-08-14 16:54:38 +0200 


%% Saved with string encoding Unicode (UTF-8) 



@inproceedings{Thummalapenta:2007:PPA:1321631.1321663,
	Acmid = {1321663},
	Address = {New York, NY, USA},
	Author = {Thummalapenta, Suresh and Xie, Tao},
	Booktitle = {Proceedings of the Twenty-second IEEE/ACM International Conference on Automated Software Engineering},
	Date-Added = {2017-08-14 14:54:04 +0000},
	Date-Modified = {2017-08-14 14:54:04 +0000},
	Doi = {10.1145/1321631.1321663},
	Isbn = {978-1-59593-882-4},
	Keywords = {code examples, code reuse, code search engine, ranking code samples},
	Location = {Atlanta, Georgia, USA},
	Numpages = {10},
	Pages = {204--213},
	Publisher = {ACM},
	Series = {ASE '07},
	Title = {Parseweb: A Programmer Assistant for Reusing Open Source Code on the Web},
	Url = {http://doi.acm.org/10.1145/1321631.1321663},
	Year = {2007},
	Bdsk-Url-1 = {http://doi.acm.org/10.1145/1321631.1321663},
	Bdsk-Url-2 = {http://dx.doi.org/10.1145/1321631.1321663}}

@inproceedings{Reiss:2009:SCS:1555001.1555040,
	Acmid = {1555040},
	Address = {Washington, DC, USA},
	Author = {Reiss, Steven P.},
	Booktitle = {Proceedings of the 31st International Conference on Software Engineering},
	Date-Added = {2017-08-14 14:15:43 +0000},
	Date-Modified = {2017-08-14 14:15:43 +0000},
	Doi = {10.1109/ICSE.2009.5070525},
	Isbn = {978-1-4244-3453-4},
	Numpages = {11},
	Pages = {243--253},
	Publisher = {IEEE Computer Society},
	Series = {ICSE '09},
	Title = {Semantics-based Code Search},
	Url = {http://dx.doi.org/10.1109/ICSE.2009.5070525},
	Year = {2009},
	Bdsk-Url-1 = {http://dx.doi.org/10.1109/ICSE.2009.5070525}}

@article{Scalabrino,
	Author = {Scalabrino, Bavota,Other},
	Date-Added = {2017-08-14 09:02:31 +0000},
	Date-Modified = {2017-08-14 11:15:25 +0000},
	Journal = {Not defined},
	Title = {Automatically Assessing Code Understandability: How Far Are We?},
	Year = {2017}}

@article{Kushwaha:2006:ICI:1163514.1163533,
	Acmid = {1163533},
	Address = {New York, NY, USA},
	Author = {Kushwaha, Dharmender Singh and Misra, A. K.},
	Date-Added = {2017-08-14 07:02:00 +0000},
	Date-Modified = {2017-08-14 07:02:00 +0000},
	Doi = {10.1145/1163514.1163533},
	Issn = {0163-5948},
	Issue_Date = {September 2006},
	Journal = {SIGSOFT Softw. Eng. Notes},
	Keywords = {cognitive informatics, cognitive information complexity measure (CICM), information contained in software (ICS), information unit, weighted information count (WIC)},
	Month = sep,
	Number = {5},
	Numpages = {7},
	Pages = {1--7},
	Publisher = {ACM},
	Title = {Improved Cognitive Information Complexity Measure: A Metric That Establishes Program Comprehension Effort},
	Url = {http://doi.acm.org/10.1145/1163514.1163533},
	Volume = {31},
	Year = {2006},
	Bdsk-Url-1 = {http://doi.acm.org/10.1145/1163514.1163533},
	Bdsk-Url-2 = {http://dx.doi.org/10.1145/1163514.1163533}}

@inproceedings{Sadowski:2015,
	Acmid = {2786855},
	Address = {New York, NY, USA},
	Author = {Sadowski, Caitlin and Stolee, Kathryn T. and Elbaum, Sebastian},
	Booktitle = {Proceedings of the 2015 10th Joint Meeting on Foundations of Software Engineering},
	Date-Added = {2017-08-10 14:03:38 +0000},
	Date-Modified = {2017-08-10 14:04:05 +0000},
	Doi = {10.1145/2786805.2786855},
	Isbn = {978-1-4503-3675-8},
	Keywords = {code search, developer tools, user evaluation},
	Location = {Bergamo, Italy},
	Numpages = {11},
	Pages = {191--201},
	Publisher = {ACM},
	Series = {ESEC/FSE 2015},
	Title = {How Developers Search for Code: A Case Study},
	Url = {http://doi.acm.org/10.1145/2786805.2786855},
	Year = {2015},
	Bdsk-Url-1 = {http://doi.acm.org/10.1145/2786805.2786855},
	Bdsk-Url-2 = {http://dx.doi.org/10.1145/2786805.2786855}}

@inproceedings{Singer-1997,
	Acmid = {782031},
	Author = {Singer, Janice and Lethbridge, Timothy and Vinson, Norman and Anquetil, Nicolas},
	Booktitle = {Proceedings of the 1997 Conference of the Centre for Advanced Studies on Collaborative Research},
	Date-Added = {2017-08-10 12:02:13 +0000},
	Date-Modified = {2017-08-10 12:02:33 +0000},
	Location = {Toronto, Ontario, Canada},
	Pages = {21--},
	Publisher = {IBM Press},
	Series = {CASCON '97},
	Title = {An Examination of Software Engineering Work Practices},
	Url = {http://dl.acm.org/citation.cfm?id=782010.782031},
	Year = {1997},
	Bdsk-Url-1 = {http://dl.acm.org/citation.cfm?id=782010.782031}}

@article{RecommendationSystemsforSoftwareEngineering,
	Author = {M. Robillard and R. Walker and T. Zimmermann},
	Date-Modified = {2017-08-11 14:41:29 +0000},
	Doi = {10.1109/MS.2009.161},
	Issn = {0740-7459},
	Journal = {IEEE Software},
	Month = {July},
	Number = {4},
	Pages = {80-86},
	Title = {Recommendation Systems for Software Engineering},
	Volume = {27},
	Year = {2010},
	Bdsk-Url-1 = {http://dx.doi.org/10.1109/MS.2009.161}}

@article{Buse2010,
	Author = {Buse, R.P.L. and Weimer, W.R.},
	Journal = {IEEE Transactions on Software Engineering},
	Keywords = {source_code readability identifiers},
	Month = {jul.},
	Number = 4,
	Pages = {546--558},
	Title = {Learning a Metric for Code Readability},
	Volume = 36,
	Year = 2010}
	
@article{journals/tse/McMillanGPFX12,
	  author = {McMillan, Collin and Grechanik, Mark and Poshyvanyk, Denys and Fu, Chen and Xie, 	Qing},
	  journal = {IEEE Trans. Software Eng.},
	  keywords = {dblp},
	  number = 5,
	  pages = {1069-1087},
	  title = {Exemplar: A Source Code Search Engine for Finding Highly Relevant Applications.},
	  url = {http://dblp.uni-trier.de/db/journals/tse/tse38.html#McMillanGPFX12},
	  volume = 38,
	  year = 2012
}


